% Citations

Reference
@article{zelinski2009,
    author = {Zelinski, E.M. and Reyes, R.},
    title = {Cognitive benefits of computer games for older adults},
    journal = {Gerontechnology},
    year = {2009},
    volume = {8},
    number = {4},
    pages = {220-235},
    note = {Accessed 2017-2-22}
}
@book{austin2016,
    title={Music Video Games: Performance, Politics, and Play},
    author={Austin, M.},
    isbn={9781501308499},
    series={Approaches to Digital Game Studies},
    url={https://books.google.com/books?id=pNwuDAAAQBAJ},
    year={2016},
    publisher={Bloomsbury Publishing},
    pages={25-38}
}
@article{franceschini2013,
    author = {Franceschini, S.
              and Gori, S.
              and Ruffino, M.
              and Viola, S.
              and Molteni, M.
              and Facoetti, A.},
    title = {Action Video Games Make Dyslexic Children Read Better},
    journal = {Current Biology},
    year = {2013},
    volume = {23},
    number = {6},
    pages = {462-466},
    note = {Accessed 2017-2-22}
}
@mastersthesis{Hughes2017,
    title={Video games help to prepare girls for a competitive future in STEM.},
    author={Hughes, Leigh A.},
    school={Kent State University},
    year={2017},
    pages={11-56}
}
